@article{Simul,
  title={Simulacion de Monte Carlo},
  author={IBM IBM},
  journal={Sitio Web},
  volume={.},
  number={.},
  pages={.},
  year={2021},
  publisher={https://www.ibm.com/mx-es/cloud/learn/monte-carlo-simulation}
}

@article{Met,
  title={Metodo simulacion de Monte Carlo},
  author={EALDE EALDE},
  journal={Sitio Web},
  volume={.},
  number={.},
  pages={.},
  year={2020},
  publisher={https://www.ealde.es/metodo-simulacion-monte-carlo/}
}