@article{EvoProte,
  title={Evoluci{\'o}n y tendencias en el desarrollo de pr{\'o}tesis de mano},
  author={Loaiza, Jair L and Arzola, Nelson},
  journal={Dyna},
  volume={78},
  number={169},
  pages={191--200},
  year={2011},
  publisher={2006, Revista DYNA}
}

@article{DiseCons,
  title={Dise{\~n}o y construcci{\'o}n de la pr{\'o}tesis rob{\'o}tica de mano UC-1},
  author={Quinay{\'a}s-Burgos, C{\'e}sar Augusto and Mu{\~n}oz-A{\~n}asco, Mariela and Vivas-Alb{\'a}n, {\'O}scar Andr{\'e}s and Gaviria-L{\'o}pez, Carlos Alberto},
  journal={Ingenier{\'\i}a y Universidad},
  volume={14},
  number={2},
  pages={223--237},
  year={2010},
  publisher={Pontificia Universidad Javeriana}
}

@article{SisID,
  title={Sistema de identificaci{\'o}n de intenci{\'o}n de movimiento para el control mioel{\'e}ctrico de una pr{\'o}tesis de mano rob{\'o}tica},
  author={Quinay{\'a}s-Burgos, C{\'e}sar Augusto and Gaviria-L{\'o}pez, Carlos Alberto},
  journal={Ingenier{\'\i}a y Universidad},
  volume={19},
  number={1},
  pages={27--50},
  year={2015},
  publisher={Pontificia Universidad Javeriana}
}

@article{AnSe,
  title={An{\'a}lisis de se{\~n}ales EMG superficiales y su aplicaci{\'o}n en control de pr{\'o}tesis de mano},
  author={Romo, Harold A and Realpe, Judy C and Jojoa, Pablo E},
  journal={Revista avances en sistemas e inform{\'a}tica},
  volume={4},
  number={1},
  pages={127--136},
  year={2007},
  publisher={Universidad Nacional de Colombia}
}